<collection xmlns="http://www.loc.gov/MARC21/slim">
<record>
    <datafield tag="037" ind1=" " ind2=" ">
        <subfield code="a">TRAFAIR-2020-003</subfield>
    </datafield>
    <datafield tag="041" ind1=" " ind2=" ">
        <subfield code="a">spa</subfield>
    </datafield>
    <datafield tag="245" ind1=" " ind2=" ">
        <subfield code="a">
            Historic air quality sensor raw observations 2020-02
        </subfield>
    </datafield>
    <datafield tag="260" ind1=" " ind2=" ">
        <subfield code="b">Universidad de Zaragoza</subfield>
        <subfield code="c">01/03/2020</subfield>
    </datafield>
    <datafield tag="310" ind1=" " ind2=" ">
        <subfield code="a">Anual</subfield>
        <subfield code="b">2020</subfield>
    </datafield>
    <datafield tag="500" ind1=" " ind2=" ">
        <subfield code="a">
            This is a note.
        </subfield>
    </datafield>
    <datafield tag="506" ind1="0" ind2=" ">
        <subfield code="a">Access copy available to the general public</subfield>
        <subfield code="f">Unrestricted</subfield>
    </datafield>
    <datafield tag="518" ind1=" " ind2=" ">
        <subfield code="a">01/02/2020-29/02/2020</subfield>
    </datafield>
    <datafield tag="520" ind1="3" ind2=" ">
        <subfield code="a">
            TRAFAIR (Understanding traffic flows to improve air quality) es un proyecto europeo financiado por la Connecting Europe Facility de la Unión Europea (Project Nr. 2017-EU-IA-0167), cuyos principales objetivos son la monitorización en tiempo real de la polución del aire en zonas urbanas, y el desarrollo de un servicio de predicción de la calidad del aire basado en predicciones meteorológicas y del flujo de tráfico urbano. Además, se pretende publicar los datos de monitorización y predicción de calidad del aire como datos abiertos y crear diferentes aplicaciones para informar a ciudadanos y administraciones de la calidad del aire concienciar sobre el uso responsable del automóvil privado. Más información en http://trafair.eu/
        </subfield>
    </datafield>
    <datafield tag="540" ind1=" " ind2=" ">
        <subfield code="9">info:eu-repo/semantics/openAccess</subfield>
        <subfield code="a">by</subfield>
        <subfield code="u">https://creativecommons.org/licenses/by/4.0/deed.es</subfield>
    </datafield>
    <datafield tag="590" ind1=" " ind2=" ">
        <subfield code="a">
           TRAFAIR (Understanding traffic flows to improve air quality) is a European project co-financed by the Connecting Europe Facility of the European Union (Project Nr. 2017-EU-IA-0167), whose main goals are the real-time monitoring of air pollution in the city on an urban scale, and the development an air quality forecasting service based on the weather forecasts and the urban traffic flow. In addition, the project also aims to publish monitoring and forecasting data as open data, and to develop applications for citizens and public administrations for informing about air quality and making people aware of a responsible use of private vehicles. More information at http://trafair.eu/
        </subfield>
    </datafield>
    <datafield tag="653" ind1="1" ind2=" ">
        <subfield code="a">TRAFAIR</subfield>
    </datafield>
    <datafield tag="654" ind1=" " ind2=" ">
        <subfield code="2">inspire</subfield>
        <subfield code="a">http://inspire.ec.europa.eu/theme/ef</subfield>
    </datafield>
    <datafield tag="655" ind1=" " ind2="7">
        <subfield code="2">inspire</subfield>
        <subfield code="a">http://inspire.ec.europa.eu/metadata-codelist/ResourceType/dataset</subfield>
    </datafield>
    <datafield tag="700" ind1=" " ind2=" ">
        <subfield code="a">Universidad de Zaragoza</subfield>
    </datafield>
    <datafield tag="FFT" ind1=" " ind2=" ">
          <subfield code="a">https://tec.citius.usc.es/trafair/ogcservices/wfs?service=wfs&amp;request=GetFeature&amp;typeName=open_data:historic_air_quality_sensor_raw_observations_2020_02&amp;outputFormat=json</subfield>
          <subfield code="n">open_data__historic_air_quality_sensor_raw_observations_2020_02</subfield>
          <subfield code="d">JSON</subfield>
          <subfield code="f">.js</subfield>
    </datafield>
    <datafield tag="970" ind1=" " ind2=" ">
        <subfield code="a">TRAFAIR-2020-003</subfield>
    </datafield>
    <datafield tag="980" ind1=" " ind2=" ">
        <subfield code="a">OPENDATA</subfield>
        <subfield code="b">RESEARCH</subfield>
        <subfield code="c">TRAFAIR</subfield>
    </datafield>
</record>
</collection>
